@misc{FCCSW,
      title         = "{The Future Circular Collider Software Framework}",
      url           = "http://fccsw.web.cern.ch/fccsw",
}

@article{Gaudi,
      author         = "Barrand, G. and others",
      title          = "{GAUDI - A software architecture and framework for
                        building HEP data processing applications}",
      journal        = "Comput. Phys. Commun.",
      volume         = "140",
      year           = "2001",
      pages          = "45-55",
      doi            = "10.1016/S0010-4655(01)00254-5",
      SLACcitation   = "%%CITATION = CPHCB,140,45;%%"
}

@article{Geant4,
      author         = "Agostinelli, S. and others",
      title          = "{GEANT4: A Simulation toolkit}",
      collaboration  = "GEANT4",
      journal        = "Nucl. Instrum. Meth.",
      volume         = "A506",
      year           = "2003",
      pages          = "250-303",
      doi            = "10.1016/S0168-9002(03)01368-8",
      reportNumber   = "SLAC-PUB-9350, FERMILAB-PUB-03-339",
      SLACcitation   = "%%CITATION = NUIMA,A506,250;%%"
}

@article{DD4hep,
      author        = "Frank, M. and Gaede, F. and Mato, P.",
      title         = "{DD4hep: A Detector Description Toolkit for High Energy
                       Physics Experiments}",
      journal       = "J. Phys.: Conf. Ser.",
      number        = "AIDA-CONF-2014-004",
      volume        = "513",
      pages         = "022010",
      month         = "Oct",
      year          = "2013",
      reportNumber  = "AIDA-CONF-2014-004",
      url           = "http://cds.cern.ch/record/1670270",
}