@misc{FCCSW,

      url           = "http://fccsw.web.cern.ch/fccsw",
}

@article{Gaudi,
      author         = "Barrand, G. and others",
      title          = "{GAUDI - A software architecture and framework for
                        building HEP data processing applications}",
      journal        = "Comput. Phys. Commun.",
      year           = "2001",
}

@article{Geant4,
      author         = "Agostinelli, S. and others",
      title          = "{GEANT4: A Simulation toolkit}",
      collaboration  = "GEANT4",
      journal        = "Nucl. Instrum. Meth.",
      volume         = "A506",
      year           = "2003",
      pages          = "250-303",
      doi            = "10.1016/S0168-9002(03)01368-8",
      reportNumber   = "SLAC-PUB-9350, FERMILAB-PUB-03-339",
      SLACcitation   = "%%CITATION = NUIMA,A506,250;%%"
}

@article{DD4hep,
      author        = "Frank, M. and others",
      title         = "{DD4hep: A Detector Description Toolkit for High Energy
                       Physics Experiments}",
      journal       = "J. Phys.: Conf. Ser.",
      year          = "2013",
}

@article{Schulte:382453,
      author        = "Schulte, Daniel",
      title         = "{Beam-Beam Simulations with GUINEA-PIG}",
      month         = "Mar",
      year          = "1999",
      reportNumber  = "CERN-PS-99-014-LP",
      url           = "https://cds.cern.ch/record/382453",
}

@inproceedings{Voutsinas:2017eca,
      author         = "Voutsinas, Georgios and others",
      title          = "{Luminosity- and Beam- Induced Backgrounds for the FCC-ee Interaction Region Design}",
      year           = "2017",
}
